
% Source:
% http://conal.net/papers/frp.html
%% Leido e incluido
@InProceedings{ElliottHudak97:Fran,
  title        = {Functional Reactive Animation},
  url          = {http://conal.net/papers/icfp97/},
  author       = {Conal Elliott and Paul Hudak},
  booktitle    = {International Conference on Functional Programming},
  year         = 1997
}
@InProceedings{hughes1998:arrows,
  author       = {John Hughes},
  title        = {Generalising monads to arrows},
  booktitle    = {Science of Computer Programming},
  year         = 1998
}
@InProceedings{uuparsing:piriapolis,
  author = {Swierstra, S.~Doaitse},
  title = {Combinator Parsers: a short tutorial},
  booktitle = {Language Engineering and Rigorous Software Development},
  editor = {Bove, A. and Barbosa, L. and Pardo, A. and Sousa Pinto, J.},
  pages = {252-300},
  place = {Piriapolis},
  publisher = {Spinger},
  series = {LNCS},
  volume = {5520},
  year = 2009
}
%% Leido e incluido
@InProceedings{petersonhagerhudak99:frob,
  author       = {John Peterson and Gregory D. Hager and Paul Hudak},
  title        = {A Language for Declarative Robotic Programming},
  booktitle    = {IEEE International Conference on Robotics and Automation},
  year         = 1999
}
%% Leido e incluido
@InProceedings{petersonhudakelliot99:lambdainmotion,
  author       = {John Peterson and Paul Hudak and Conal Elliott},
  title        = {Lambda in Motion: Controlling Robots with {Haskell}},
  url          = {http://haskell.org/frob/padl99/padl99.ps},
  booktitle    = {Practical Aspects of Declarative Languages},
  year         = 1999
}
%% Leido e incluido
@InProceedings{wan2001:rtfrp,
  author    = {Zhanyong Wan and Walid Taha and Paul Hudak},
  title     = {Real-Time {FRP}},
  booktitle = {International Conference on Functional Programming},
  year      = 2001,
}
%% Leido e incluido
@InProceedings{wan2002:edfrp,
  author       = {Zhangyong Wan and Walid Taha and Paul Hudak},
  title        = {Event-Driven {FRP}},
  journal      = {Practical Aspects of Declarative Languages},
  year         = 2002,
  month        = {jan}
}
%% Para revisar
@InProceedings{hudak2002:arrows,
  author       = {Paul Hudak and Antony Courtney
                  and Henrik Nilsson and John Peterson},
  title        = {Arrows, Robots, and Functional Reactive Programming},
  journal      = {Summer School on Advanced Functional
                  Programming 2002, Oxford University},
  year         = 2002,
  month        = {aug}
}
%% Para revisar
@InProceedings{nilsson2002:arrows,
  author       = {Henrik Nilsson and Antony Courtney and John Peterson},
  title        = {Functional Reactive Programming, Continued},
  journal      = {Proceedings of the 2002 {ACM SIGPLAN} {H}askell
                  Workshop ({H}askell'02)},
  year         = 2002,
  month        = {oct}
}


% Sacado de:
% Controlling Time and Space. https://www.youtube.com/watch?v=Agu6jipKfYw
@mastersthesis {evanczaplicki2012:Elm,
    author = {Evan Czaplicki},
    title  = {Elm: Concurrent FRP for Functional GUIs},
    url    = {http://elm-lang.org/papers/concurrent-frp.pdf},
    year   = 2012,
    month  = {mar},
    school = {Harvard University}
}

@InProceedings {petersonroecleary2014:PFRP,
    author  = {John Peterson, Ken Roe, and Alan Cleary},
    title   = {Practical Functional Reactive Programming},
    journal = {Practical Aspects of Declarative Languages},
    year    = 2014
}
@Misc {microchip,
 title        = {Sitio web de {Microchip}},
 howpublished = {\url{https://www.microchip.com}},
 note         = {Último acceso: 13/08/2015}
}
@Misc {yampa,
 title        = {Sitio web de {Yampa}},
 howpublished = {\url{https://wiki.haskell.org/Yampa}},
 note         = {Último acceso: 29/04/2015}
}
@Misc {uuparser,
 title        = {Sitio web de {Ulrecht University Parser Combinators (uu-parsinglib)}},
 howpublished = {\url{http://foswiki.cs.uu.nl/foswiki/HUT/ParserCombinators}},
 note         = {Último acceso: 25/10/2015}
}
@Misc {uuagc,
 title        = {Sitio web de {Ulrecht University Attribute Grammar System Compiler (UUAGC)}},
 howpublished = {\url{http://foswiki.cs.uu.nl/foswiki/HUT/AttributeGrammarSystem}},
 note         = {Último acceso: 25/10/2015}
}
@Misc {uuag,
 title        = {Sitio web de {Ulrecht University Attribute Grammar System (UUAG)}},
 howpublished = {\url{http://foswiki.cs.uu.nl/foswiki/HUT/AttributeGrammarSystem}},
 note         = {Último acceso: 25/10/2015}
}
@Misc {rxmarbles,
 title        = {Sitio web de {RXMarbles}},
 howpublished = {\url{http://rxmarbles.com}},
 note         = {Último acceso: 18/05/2015}
}
@Misc {llvm,
 title        = {Sitio web de {LLVM}},
 howpublished = {\url{http://llvm.org}},
 note         = {Último acceso: 18/05/2015}
}
@Misc {elmdebug,
 title        = {Sitio web del debugger de {Elm}},
 howpublished = {\url{http://debug.elm-lang.org/}},
 note         = {Último acceso: 18/05/2015}
}
@Misc {fritzing,
 title        = {Sitio web del {fritzing}},
 howpublished = {\url{http://fritzing.org/}},
 note         = {Último acceso: 13/08/2015}
}
@Misc{mbed-LPC1768,
 title        = {Sitio web de {MBED-LPC1768}},
 howpublished = {\url{http://developer.mbed.org/platforms/mbed-LPC1768}},
 note         = {Último acceso: 30/04/2015}
}
@Misc {arduino,
 title        = {Sitio web de {Arduino}},
 howpublished = {\url{https://www.arduino.cc}},
 note         = {Último acceso: 23/11/2015}
}
@Misc {mbed,
 title        = {Sitio web de {MBED}},
 howpublished = {\url{https://mbed.org}},
 note         = {Último acceso: 30/04/2015}
}
@Misc {gcc,
 title        = {Sitio web de {GNU Compiler Collection}},
 howpublished = {\url{https://gcc.gnu.org}},
 note         = {Último acceso: 23/11/2015}
}
@Misc {pic18,
 title        = {Sitio web de {PIC 18F4550}},
 howpublished = {\url{https://www.microchip.com/PIC18F4550}},
 note         = {Último acceso: 23/11/2015}
}
@Misc {sumouy,
 title        = {Sitio web de {SumoUY}},
 howpublished = {\url{http://sumo.uy/}},
 note         = {Último acceso: 03/05/2015}
}
@Misc {butia,
 title        = {Sitio web del proyecto {Butia}},
 howpublished = {\url{https://www.fing.edu.uy/inco/proyectos/butia/}},
 note         = {Último acceso: 23/11/2015}
}
@Misc {yatay,
 title        = {Sitio web del proyecto {Yatay}},
 howpublished = {\url{https://www.fing.edu.uy/inco/proyectos/butia/mediawiki/index.php/Yatay}},
 note         = {Último acceso: 23/11/2015}
}
@Misc {tortubots,
 title        = {Sitio web de {Tortubots}},
 howpublished = {\url{https://www.fing.edu.uy/inco/proyectos/butia/mediawiki/index.php/TortuBots}},
 note         = {Último acceso: 23/11/2015}
}
@Misc {butialo,
 title        = {Sitio web de {Butialo}},
 howpublished = {\url{https://www.fing.edu.uy/inco/proyectos/butia/mediawiki/index.php/Butialo}},
 note         = {Último acceso: 23/11/2015}
}
@Misc {alex,
 title        = {Sitio web de {Alex}},
 howpublished = {\url{http://www.haskell.org/alex}},
 note         = {Último acceso: 26/07/2015}
}
@Misc {happy,
 title        = {Sitio web de {Happy}},
 howpublished = {\url{http://www.haskell.org/happy}},
 note         = {Último acceso: 26/07/2015}
}
@Misc {mbeddev,
 title        = {Sitio web {Exporting Mbed to GCC ARM}},
 howpublished = {\url{https://developer.mbed.org/handbook/Exporting-to-GCC-ARM-Embedded}},
 note         = {Último acceso: 26/07/2015}
}
@Misc {avr,
 title        = {Sitio web de {Atmel}},
 howpublished = {\url{https://www.atmel.com}},
 note         = {Último acceso: 23/11/2015}
}
@Misc {atmel,
 title        = {Sitio web de {Atmel}},
 howpublished = {\url{https://www.atmel.com}},
 note         = {Último acceso: 23/11/2015}
}
@Misc {arm,
 title        = {Sitio web de {ARM}},
 howpublished = {\url{https://www.arm.com}},
 note         = {Último acceso: 23/11/2015}
}
@Misc {mindstorms,
 title        = {Sitio web {Lego Mindstorms}},
 howpublished = {\url{https://mindstorms.lego.com}},
 note         = {Último acceso: 23/11/2015}
}


% COSAS VARIADAS:
% Yampa, Arrows and Robots.
% http://cs.brown.edu/research/pubs/techreports/reports/CS-03-20.html
% https://gist.github.com/staltz/868e7e9bc2a7b8c1f754
% Rx, Bacon.js, 
% Para debug muy bueno: (con RX es este)
% https://github.com/jaredly/rxvision
% http://lambdor.net/?p=44
% https://vimeo.com/77164337
