
@ARTICLE{Guillermo2014,
author = {G. Pacheco and W. Turner},
title = {Titulo de prueba},
journal = {The journal of journals},
year = {2014},
pages = {11-15}
}

